@article{MLOpsKeepCoding,
  title  = {¿Qué es MLOps? [Guía completa]},
  author = {Redacción KeepCoding},
  year   = {2022}
}

@inbook{Agile_Microsoft,
  title     = {WHAT IS AGILE},
  isbn      = {9781849289955},
  booktitle = {The Power of the Agile Business Analyst, second edition},
  publisher = {IT Governance Publishing},
  year      = {2018},
  pages     = {22–25},
  language  = {en}
}

@book{Atlassian_Scrum,
  title  = {What is Scrum?},
  author = {Atlassian},
  year   = {2018}
}

@misc{Jose_1634898355000,
  title    = {Metodologías tradicionales vs metodologías ágiles},
  url      = {https://es.linkedin.com/pulse/metodolog%C3%ADas-tradicionales-vs-%C3%A1giles-jos%C3%A9-gabald%C3%B3n},
  journal  = {Linkedin.com},
  author   = {José, G.},
  year     = {2011},
  language = {en}
}